<record><leader>00000cas a22000007a 4500</leader><controlfield tag="001">16626380</controlfield><controlfield tag="008">870901d19431945inuwr ne      0    0eng d</controlfield><datafield ind1=" " ind2=" " tag="010"><subfield code="a">sn 87056325 </subfield></datafield><datafield ind1=" " ind2=" " tag="040"><subfield code="a">NPI</subfield><subfield code="b">eng</subfield><subfield code="c">NPI</subfield><subfield code="d">OCLCQ</subfield></datafield><datafield ind1=" " ind2=" " tag="042"><subfield code="a">msc</subfield></datafield><datafield ind1="0" ind2="0" tag="245"><subfield code="a">Twingine times.</subfield></datafield><datafield ind1=" " ind2=" " tag="260"><subfield code="a">Seymour, Ind. :</subfield><subfield code="b">Seymour Tribune Pub. Co.,</subfield><subfield code="c">1943-1945.</subfield></datafield><datafield ind1=" " ind2=" " tag="310"><subfield code="a">Weekly</subfield></datafield><datafield ind1="0" ind2=" " tag="362"><subfield code="a">Vol. 1, no. 4 (Mar. 26, 1943)-v. 2, no. 50 (Feb. 9, 1945).</subfield></datafield><datafield ind1=" " ind2=" " tag="500"><subfield code="a">"In the interest of the military personnel of the Freeman Army Air Field."</subfield></datafield><datafield ind1=" " ind2=" " tag="752"><subfield code="a">United States</subfield><subfield code="b">Indiana</subfield><subfield code="c">Jackson</subfield><subfield code="d">Seymour.</subfield></datafield><datafield ind1="0" ind2="0" tag="780"><subfield code="t">[Question marks]</subfield><subfield code="w">(DLC)sn 87056324</subfield><subfield code="w">(OCoLC)16626383</subfield></datafield><datafield ind1="1" ind2=" " tag="029"><subfield code="a">AU@</subfield><subfield code="b">000025395213</subfield></datafield></record>